<record><leader>00000cas a22000007a 4500</leader><controlfield tag="001">9935282</controlfield><controlfield tag="008">830922c19149999idubr ne      0   a0eng d</controlfield><datafield ind1=" " ind2=" " tag="010"><subfield code="a">sn 83002696 </subfield></datafield><datafield ind1=" " ind2=" " tag="040"><subfield code="a">NSD</subfield><subfield code="b">eng</subfield><subfield code="c">NSD</subfield><subfield code="d">NVB</subfield><subfield code="d">OCL</subfield><subfield code="d">OCLCQ</subfield><subfield code="d">OCLCF</subfield><subfield code="d">OCLCO</subfield></datafield><datafield ind1=" " ind2=" " tag="012"><subfield code="m">1</subfield></datafield><datafield ind1="1" ind2=" " tag="022"><subfield code="a">0740-3348</subfield><subfield code="l">0740-3348</subfield><subfield code="2">1</subfield></datafield><datafield ind1="1" ind2=" " tag="029"><subfield code="a">AU@</subfield><subfield code="b">000040635799</subfield></datafield><datafield ind1=" " ind2=" " tag="032"><subfield code="a">443640</subfield><subfield code="b">USPS</subfield></datafield><datafield ind1=" " ind2=" " tag="037"><subfield code="b">Priest River Times, P.O. Box 10, Priest River, ID 83856</subfield></datafield><datafield ind1=" " ind2=" " tag="042"><subfield code="a">nsdp</subfield></datafield><datafield ind1=" " ind2=" " tag="043"><subfield code="a">n-us-id</subfield></datafield><datafield ind1=" " ind2="0" tag="222"><subfield code="a">Priest River times</subfield></datafield><datafield ind1="0" ind2="4" tag="245"><subfield code="a">The Priest River times.</subfield></datafield><datafield ind1=" " ind2=" " tag="260"><subfield code="a">Priest River, Idaho :</subfield><subfield code="b">John Schermerhorn</subfield></datafield><datafield ind1=" " ind2=" " tag="310"><subfield code="a">Semiweekly,</subfield><subfield code="b">Oct. 5, 1988-</subfield></datafield><datafield ind1=" " ind2=" " tag="321"><subfield code="a">Weekly,</subfield><subfield code="b">Apr. 16, 1914-Sept. 28, 1988</subfield></datafield><datafield ind1="0" ind2=" " tag="362"><subfield code="a">Vol. 1, no. 1 (Apr. 16, 1914)-v. 31, no. 35 (Aug. 31, 1944) ; 31st year, no. 36 (Sept. 7, 1944)-</subfield></datafield><datafield ind1=" " ind2=" " tag="580"><subfield code="a">East Pend Oreille Co., Wash. supplement: Times weekly (Priest River, Idaho).</subfield></datafield><datafield ind1=" " ind2=" " tag="580"><subfield code="a">Sunday ed.: North Idaho Sunday, Oct. 7, 1984-Sept 25, 1988.</subfield></datafield><datafield ind1=" " ind2="0" tag="651"><subfield code="a">Priest River (Idaho)</subfield><subfield code="v">Newspapers.</subfield></datafield><datafield ind1=" " ind2="7" tag="655"><subfield code="a">Newspapers.</subfield><subfield code="2">fast</subfield><subfield code="0">(OCoLC)fst01423814</subfield></datafield><datafield ind1=" " ind2="7" tag="651"><subfield code="a">Idaho</subfield><subfield code="z">Priest River.</subfield><subfield code="2">fast</subfield><subfield code="0">(OCoLC)fst01220464</subfield></datafield><datafield ind1=" " ind2=" " tag="752"><subfield code="a">United States</subfield><subfield code="b">Idaho</subfield><subfield code="c">Bonner</subfield><subfield code="d">Priest River.</subfield></datafield><datafield ind1=" " ind2=" " tag="752"><subfield code="a">United States</subfield><subfield code="b">Wash.</subfield><subfield code="c">Pend Oreille.</subfield></datafield><datafield ind1="1" ind2=" " tag="775"><subfield code="t">Times weekly (Priest River, Idaho)</subfield><subfield code="w">(DLC)sn 88056091</subfield></datafield><datafield ind1="1" ind2=" " tag="775"><subfield code="t">North Idaho Sunday</subfield><subfield code="w">(DLC)sn 88056079</subfield></datafield><datafield ind1=" " ind2=" " tag="936"><subfield code="a">Sept. 1, 1983</subfield></datafield></record>